@book{xie2015,
  title = {Dynamic Documents with {R} and Knitr},
  author = {Xie, Yihui},
  publisher = {Chapman and Hall/CRC},
  address = {Boca Raton, Florida},
  year = {2015},
  edition = {2nd},
  note = {ISBN 978-1498716963},
  url = {http://yihui.org/knitr/}
}

@article{otani2019comparing,
  title = {Comparing Structures of Statistical Hypothesis Testing with Proof by Contradiction: {I}n Terms of Argument},
  author = {Otani, Hiroki},
  journal = {Hiroshima Journal of Mathematics Education},
  volume = {2},
  pages = {1--12},
  year = {2019}
}

@article{falk1995significance,
  title = {Significance Tests Die Hard: {T}he Amazing Persistence of a Probabilistic Misconception},
  author = {Falk, Ruma and Greenbaum, Charles W.},
  journal = {Theory \& Psychology},
  volume = {5},
  number = {1},
  pages = {75--98},
  year = {1995},
  publisher = {Sage Publications Sage CA: Thousand Oaks, CA}
}

@article{reeves1980hypothesis,
  title = {Hypothesis Testing and Proof by Contradiction: {A}n Analogy},
  author = {Reeves, C. A. and Brewer, J. K.},
  journal = {Teaching Statistics},
  volume = {2},
  number = {2},
  pages = {57--59},
  year = {1980},
  publisher = {Wiley Online Library}
}

@article{bickel1975sex,
  title={Sex bias in graduate admissions: Data from Berkeley},
  author={Bickel, Peter J and Hammel, Eugene A and O'Connell, J William},
  journal={Science},
  volume={187},
  number={4175},
  pages={398--404},
  year={1975},
  publisher={American Association for the Advancement of Science}
}

@book{flajolet2009analytic,
  title={Analytic combinatorics},
  author={Flajolet, Philippe and Sedgewick, Robert},
  year={2009},
  publisher={cambridge University press}
}

@book{stanley2013algebraic,
  title={Algebraic combinatorics},
  author={Stanley, Richard P},
  year={2013},
  publisher={Springer}
}
